<record xmlns="http://www.loc.gov/MARC21/slim">
  <leader>01112cam a22002651  4500</leader>
  <controlfield tag="001">   30027548 </controlfield>
  <controlfield tag="003">DLC</controlfield>
  <controlfield tag="005">20050910181926.0</controlfield>
  <controlfield tag="008">790625r18511929coua          000 0 eng  </controlfield>
  <datafield tag="010" ind1=" " ind2=" ">
    <subfield code="a">   30027548 </subfield>
  </datafield>
  <datafield tag="035" ind1=" " ind2=" ">
    <subfield code="a">(OCoLC)5105338</subfield>
  </datafield>
  <datafield tag="040" ind1=" " ind2=" ">
    <subfield code="a">DLC</subfield>
    <subfield code="c">KyRE</subfield>
    <subfield code="d">DLC</subfield>
  </datafield>
  <datafield tag="042" ind1=" " ind2=" ">
    <subfield code="a">premarc</subfield>
  </datafield>
  <datafield tag="050" ind1="0" ind2="0">
    <subfield code="a">LB1805</subfield>
    <subfield code="b">.B2 1851a</subfield>
  </datafield>
  <datafield tag="082" ind1=" " ind2=" ">
    <subfield code="a">370.73</subfield>
  </datafield>
  <datafield tag="100" ind1="1" ind2=" ">
    <subfield code="a">Barnard, Henry,</subfield>
    <subfield code="d">1811-1900.</subfield>
  </datafield>
  <datafield tag="245" ind1="1" ind2="0">
    <subfield code="a">Normal schools,</subfield>
    <subfield code="b">and other institutions, agencies, and means designed for the professional education of teachers.</subfield>
    <subfield code="c">By Henry Barnard, superintendent of common schools of Connecticut.</subfield>
  </datafield>
  <datafield tag="260" ind1=" " ind2=" ">
    <subfield code="a">Hartford,</subfield>
    <subfield code="b">Case, Tiffany and company,</subfield>
    <subfield code="c">1851</subfield>
    <subfield code="a">[Greeley, Colo.,</subfield>
    <subfield code="b">Reprinted, State teachers college,</subfield>
    <subfield code="c">1929]</subfield>
  </datafield>
  <datafield tag="300" ind1=" " ind2=" ">
    <subfield code="a">2 v.</subfield>
    <subfield code="b">front. (v.2) 1 illus., tables.</subfield>
    <subfield code="c">24 cm.</subfield>
  </datafield>
  <datafield tag="490" ind1="0" ind2=" ">
    <subfield code="a">Colorado State teachers college, Greeley. Colorado teachers college education series,</subfield>
    <subfield code="v">no. 6-7</subfield>
  </datafield>
  <datafield tag="505" ind1="0" ind2=" ">
    <subfield code="a">Pt.I  United States and British provinces.--pt.II Europe.</subfield>
  </datafield>
  <datafield tag="500" ind1=" " ind2=" ">
    <subfield code="a">Lettered on cover: Barnard on normal schools ...</subfield>
  </datafield>
  <datafield tag="650" ind1=" " ind2="0">
    <subfield code="a">Teachers colleges.</subfield>
  </datafield>
  <datafield tag="650" ind1=" " ind2="0">
    <subfield code="a">Teachers</subfield>
    <subfield code="x">Training of.</subfield>
  </datafield>
  <datafield tag="740" ind1="0" ind2=" ">
    <subfield code="a">Barnard on normal schools.</subfield>
  </datafield>
</record>
